[gd_scene load_steps=100 format=2]

[ext_resource path="res://src/Tile.gd" type="Script" id=1]
[ext_resource path="res://sprites/tiles.png" type="Texture" id=2]
[ext_resource path="res://sprites/tiles_deep_water.png" type="Texture" id=4]

[sub_resource type="AtlasTexture" id=148]
flags = 4
atlas = ExtResource( 4 )
region = Rect2( 0, 24, 24, 24 )

[sub_resource type="AtlasTexture" id=149]
flags = 4
atlas = ExtResource( 4 )
region = Rect2( 24, 24, 24, 24 )

[sub_resource type="AtlasTexture" id=150]
flags = 4
atlas = ExtResource( 4 )
region = Rect2( 48, 24, 24, 24 )

[sub_resource type="AtlasTexture" id=151]
flags = 4
atlas = ExtResource( 4 )
region = Rect2( 72, 24, 24, 24 )

[sub_resource type="AtlasTexture" id=152]
flags = 4
atlas = ExtResource( 4 )
region = Rect2( 96, 24, 24, 24 )

[sub_resource type="AtlasTexture" id=153]
flags = 4
atlas = ExtResource( 4 )
region = Rect2( 120, 24, 24, 24 )

[sub_resource type="AtlasTexture" id=154]
flags = 4
atlas = ExtResource( 4 )
region = Rect2( 144, 24, 24, 24 )

[sub_resource type="AtlasTexture" id=155]
flags = 4
atlas = ExtResource( 4 )
region = Rect2( 168, 24, 24, 24 )

[sub_resource type="AtlasTexture" id=156]
flags = 4
atlas = ExtResource( 4 )
region = Rect2( 192, 24, 24, 24 )

[sub_resource type="AtlasTexture" id=157]
flags = 4
atlas = ExtResource( 4 )
region = Rect2( 216, 24, 24, 24 )

[sub_resource type="AtlasTexture" id=158]
flags = 4
atlas = ExtResource( 4 )
region = Rect2( 240, 24, 24, 24 )

[sub_resource type="AtlasTexture" id=159]
flags = 4
atlas = ExtResource( 4 )
region = Rect2( 264, 24, 24, 24 )

[sub_resource type="AtlasTexture" id=160]
flags = 4
atlas = ExtResource( 4 )
region = Rect2( 288, 24, 24, 24 )

[sub_resource type="AtlasTexture" id=161]
flags = 4
atlas = ExtResource( 4 )
region = Rect2( 312, 24, 24, 24 )

[sub_resource type="AtlasTexture" id=162]
flags = 4
atlas = ExtResource( 4 )
region = Rect2( 336, 24, 24, 24 )

[sub_resource type="AtlasTexture" id=163]
flags = 4
atlas = ExtResource( 4 )
region = Rect2( 0, 48, 24, 24 )

[sub_resource type="AtlasTexture" id=164]
flags = 4
atlas = ExtResource( 4 )
region = Rect2( 24, 48, 24, 24 )

[sub_resource type="AtlasTexture" id=165]
flags = 4
atlas = ExtResource( 4 )
region = Rect2( 48, 48, 24, 24 )

[sub_resource type="AtlasTexture" id=166]
flags = 4
atlas = ExtResource( 4 )
region = Rect2( 72, 48, 24, 24 )

[sub_resource type="AtlasTexture" id=167]
flags = 4
atlas = ExtResource( 4 )
region = Rect2( 96, 48, 24, 24 )

[sub_resource type="AtlasTexture" id=168]
flags = 4
atlas = ExtResource( 4 )
region = Rect2( 120, 48, 24, 24 )

[sub_resource type="AtlasTexture" id=169]
flags = 4
atlas = ExtResource( 4 )
region = Rect2( 144, 48, 24, 24 )

[sub_resource type="AtlasTexture" id=170]
flags = 4
atlas = ExtResource( 4 )
region = Rect2( 168, 48, 24, 24 )

[sub_resource type="AtlasTexture" id=171]
flags = 4
atlas = ExtResource( 4 )
region = Rect2( 192, 48, 24, 24 )

[sub_resource type="AtlasTexture" id=172]
flags = 4
atlas = ExtResource( 4 )
region = Rect2( 216, 48, 24, 24 )

[sub_resource type="AtlasTexture" id=173]
flags = 4
atlas = ExtResource( 4 )
region = Rect2( 240, 48, 24, 24 )

[sub_resource type="AtlasTexture" id=174]
flags = 4
atlas = ExtResource( 4 )
region = Rect2( 264, 48, 24, 24 )

[sub_resource type="AtlasTexture" id=175]
flags = 4
atlas = ExtResource( 4 )
region = Rect2( 288, 48, 24, 24 )

[sub_resource type="AtlasTexture" id=176]
flags = 4
atlas = ExtResource( 4 )
region = Rect2( 312, 48, 24, 24 )

[sub_resource type="AtlasTexture" id=177]
flags = 4
atlas = ExtResource( 4 )
region = Rect2( 336, 48, 24, 24 )

[sub_resource type="AtlasTexture" id=178]
flags = 4
atlas = ExtResource( 4 )
region = Rect2( 360, 48, 24, 24 )

[sub_resource type="AtlasTexture" id=179]
flags = 4
atlas = ExtResource( 4 )
region = Rect2( 0, 72, 24, 24 )

[sub_resource type="AtlasTexture" id=180]
flags = 4
atlas = ExtResource( 4 )
region = Rect2( 24, 72, 24, 24 )

[sub_resource type="AtlasTexture" id=181]
flags = 4
atlas = ExtResource( 4 )
region = Rect2( 48, 72, 24, 24 )

[sub_resource type="AtlasTexture" id=182]
flags = 4
atlas = ExtResource( 4 )
region = Rect2( 72, 72, 24, 24 )

[sub_resource type="AtlasTexture" id=183]
flags = 4
atlas = ExtResource( 4 )
region = Rect2( 96, 72, 24, 24 )

[sub_resource type="AtlasTexture" id=184]
flags = 4
atlas = ExtResource( 4 )
region = Rect2( 120, 72, 24, 24 )

[sub_resource type="AtlasTexture" id=185]
flags = 4
atlas = ExtResource( 4 )
region = Rect2( 144, 72, 24, 24 )

[sub_resource type="AtlasTexture" id=186]
flags = 4
atlas = ExtResource( 4 )
region = Rect2( 168, 72, 24, 24 )

[sub_resource type="AtlasTexture" id=187]
flags = 4
atlas = ExtResource( 4 )
region = Rect2( 192, 72, 24, 24 )

[sub_resource type="AtlasTexture" id=188]
flags = 4
atlas = ExtResource( 4 )
region = Rect2( 216, 72, 24, 24 )

[sub_resource type="AtlasTexture" id=189]
flags = 4
atlas = ExtResource( 4 )
region = Rect2( 240, 72, 24, 24 )

[sub_resource type="AtlasTexture" id=190]
flags = 4
atlas = ExtResource( 4 )
region = Rect2( 264, 72, 24, 24 )

[sub_resource type="AtlasTexture" id=191]
flags = 4
atlas = ExtResource( 4 )
region = Rect2( 288, 72, 24, 24 )

[sub_resource type="AtlasTexture" id=192]
flags = 4
atlas = ExtResource( 4 )
region = Rect2( 312, 72, 24, 24 )

[sub_resource type="AtlasTexture" id=193]
flags = 4
atlas = ExtResource( 4 )
region = Rect2( 336, 72, 24, 24 )

[sub_resource type="AtlasTexture" id=194]
flags = 4
atlas = ExtResource( 4 )
region = Rect2( 360, 72, 24, 24 )

[sub_resource type="AtlasTexture" id=54]
atlas = ExtResource( 2 )
region = Rect2( 0, 24, 24, 24 )

[sub_resource type="AtlasTexture" id=55]
atlas = ExtResource( 2 )
region = Rect2( 24, 24, 24, 24 )

[sub_resource type="AtlasTexture" id=56]
atlas = ExtResource( 2 )
region = Rect2( 48, 24, 24, 24 )

[sub_resource type="AtlasTexture" id=57]
atlas = ExtResource( 2 )
region = Rect2( 72, 24, 24, 24 )

[sub_resource type="AtlasTexture" id=58]
atlas = ExtResource( 2 )
region = Rect2( 96, 24, 24, 24 )

[sub_resource type="AtlasTexture" id=59]
atlas = ExtResource( 2 )
region = Rect2( 120, 24, 24, 24 )

[sub_resource type="AtlasTexture" id=60]
atlas = ExtResource( 2 )
region = Rect2( 144, 24, 24, 24 )

[sub_resource type="AtlasTexture" id=61]
atlas = ExtResource( 2 )
region = Rect2( 168, 24, 24, 24 )

[sub_resource type="AtlasTexture" id=62]
atlas = ExtResource( 2 )
region = Rect2( 192, 24, 24, 24 )

[sub_resource type="AtlasTexture" id=63]
atlas = ExtResource( 2 )
region = Rect2( 216, 24, 24, 24 )

[sub_resource type="AtlasTexture" id=64]
atlas = ExtResource( 2 )
region = Rect2( 240, 24, 24, 24 )

[sub_resource type="AtlasTexture" id=65]
atlas = ExtResource( 2 )
region = Rect2( 264, 24, 24, 24 )

[sub_resource type="AtlasTexture" id=66]
atlas = ExtResource( 2 )
region = Rect2( 288, 24, 24, 24 )

[sub_resource type="AtlasTexture" id=67]
atlas = ExtResource( 2 )
region = Rect2( 312, 24, 24, 24 )

[sub_resource type="AtlasTexture" id=68]
atlas = ExtResource( 2 )
region = Rect2( 336, 24, 24, 24 )

[sub_resource type="AtlasTexture" id=69]
atlas = ExtResource( 2 )
region = Rect2( 0, 48, 24, 24 )

[sub_resource type="AtlasTexture" id=70]
atlas = ExtResource( 2 )
region = Rect2( 24, 48, 24, 24 )

[sub_resource type="AtlasTexture" id=71]
atlas = ExtResource( 2 )
region = Rect2( 48, 48, 24, 24 )

[sub_resource type="AtlasTexture" id=72]
atlas = ExtResource( 2 )
region = Rect2( 72, 48, 24, 24 )

[sub_resource type="AtlasTexture" id=73]
atlas = ExtResource( 2 )
region = Rect2( 96, 48, 24, 24 )

[sub_resource type="AtlasTexture" id=74]
atlas = ExtResource( 2 )
region = Rect2( 120, 48, 24, 24 )

[sub_resource type="AtlasTexture" id=75]
atlas = ExtResource( 2 )
region = Rect2( 144, 48, 24, 24 )

[sub_resource type="AtlasTexture" id=76]
atlas = ExtResource( 2 )
region = Rect2( 168, 48, 24, 24 )

[sub_resource type="AtlasTexture" id=77]
atlas = ExtResource( 2 )
region = Rect2( 192, 48, 24, 24 )

[sub_resource type="AtlasTexture" id=78]
atlas = ExtResource( 2 )
region = Rect2( 216, 48, 24, 24 )

[sub_resource type="AtlasTexture" id=79]
atlas = ExtResource( 2 )
region = Rect2( 240, 48, 24, 24 )

[sub_resource type="AtlasTexture" id=80]
atlas = ExtResource( 2 )
region = Rect2( 264, 48, 24, 24 )

[sub_resource type="AtlasTexture" id=81]
atlas = ExtResource( 2 )
region = Rect2( 288, 48, 24, 24 )

[sub_resource type="AtlasTexture" id=82]
atlas = ExtResource( 2 )
region = Rect2( 312, 48, 24, 24 )

[sub_resource type="AtlasTexture" id=83]
atlas = ExtResource( 2 )
region = Rect2( 336, 48, 24, 24 )

[sub_resource type="AtlasTexture" id=84]
atlas = ExtResource( 2 )
region = Rect2( 360, 48, 24, 24 )

[sub_resource type="AtlasTexture" id=85]
atlas = ExtResource( 2 )
region = Rect2( 0, 72, 24, 24 )

[sub_resource type="AtlasTexture" id=86]
atlas = ExtResource( 2 )
region = Rect2( 24, 72, 24, 24 )

[sub_resource type="AtlasTexture" id=87]
atlas = ExtResource( 2 )
region = Rect2( 48, 72, 24, 24 )

[sub_resource type="AtlasTexture" id=88]
atlas = ExtResource( 2 )
region = Rect2( 72, 72, 24, 24 )

[sub_resource type="AtlasTexture" id=89]
atlas = ExtResource( 2 )
region = Rect2( 96, 72, 24, 24 )

[sub_resource type="AtlasTexture" id=90]
atlas = ExtResource( 2 )
region = Rect2( 120, 72, 24, 24 )

[sub_resource type="AtlasTexture" id=91]
atlas = ExtResource( 2 )
region = Rect2( 144, 72, 24, 24 )

[sub_resource type="AtlasTexture" id=92]
atlas = ExtResource( 2 )
region = Rect2( 168, 72, 24, 24 )

[sub_resource type="AtlasTexture" id=93]
atlas = ExtResource( 2 )
region = Rect2( 192, 72, 24, 24 )

[sub_resource type="AtlasTexture" id=94]
atlas = ExtResource( 2 )
region = Rect2( 216, 72, 24, 24 )

[sub_resource type="AtlasTexture" id=95]
atlas = ExtResource( 2 )
region = Rect2( 240, 72, 24, 24 )

[sub_resource type="AtlasTexture" id=96]
atlas = ExtResource( 2 )
region = Rect2( 264, 72, 24, 24 )

[sub_resource type="AtlasTexture" id=97]
atlas = ExtResource( 2 )
region = Rect2( 288, 72, 24, 24 )

[sub_resource type="AtlasTexture" id=98]
atlas = ExtResource( 2 )
region = Rect2( 312, 72, 24, 24 )

[sub_resource type="AtlasTexture" id=99]
atlas = ExtResource( 2 )
region = Rect2( 336, 72, 24, 24 )

[sub_resource type="AtlasTexture" id=100]
atlas = ExtResource( 2 )
region = Rect2( 360, 72, 24, 24 )

[sub_resource type="AtlasTexture" id=147]
flags = 4
atlas = ExtResource( 4 )
region = Rect2( 0, 0, 24, 24 )

[sub_resource type="SpriteFrames" id=5]
animations = [ {
"frames": [ SubResource( 148 ), SubResource( 149 ), SubResource( 150 ), SubResource( 151 ), SubResource( 152 ), SubResource( 153 ), SubResource( 154 ), SubResource( 155 ), SubResource( 156 ), SubResource( 157 ), SubResource( 158 ), SubResource( 159 ), SubResource( 160 ), SubResource( 161 ), SubResource( 162 ), SubResource( 163 ), SubResource( 164 ), SubResource( 165 ), SubResource( 166 ), SubResource( 167 ), SubResource( 168 ), SubResource( 169 ), SubResource( 170 ), SubResource( 171 ), SubResource( 172 ), SubResource( 173 ), SubResource( 174 ), SubResource( 175 ), SubResource( 176 ), SubResource( 177 ), SubResource( 178 ), SubResource( 179 ), SubResource( 180 ), SubResource( 181 ), SubResource( 182 ), SubResource( 183 ), SubResource( 184 ), SubResource( 185 ), SubResource( 186 ), SubResource( 187 ), SubResource( 188 ), SubResource( 189 ), SubResource( 190 ), SubResource( 191 ), SubResource( 192 ), SubResource( 193 ), SubResource( 194 ) ],
"loop": true,
"name": "deepwater",
"speed": 5.0
}, {
"frames": [ SubResource( 54 ), SubResource( 55 ), SubResource( 56 ), SubResource( 57 ), SubResource( 58 ), SubResource( 59 ), SubResource( 60 ), SubResource( 61 ), SubResource( 62 ), SubResource( 63 ), SubResource( 64 ), SubResource( 65 ), SubResource( 66 ), SubResource( 67 ), SubResource( 68 ), SubResource( 69 ), SubResource( 70 ), SubResource( 71 ), SubResource( 72 ), SubResource( 73 ), SubResource( 74 ), SubResource( 75 ), SubResource( 76 ), SubResource( 77 ), SubResource( 78 ), SubResource( 79 ), SubResource( 80 ), SubResource( 81 ), SubResource( 82 ), SubResource( 83 ), SubResource( 84 ), SubResource( 85 ), SubResource( 86 ), SubResource( 87 ), SubResource( 88 ), SubResource( 89 ), SubResource( 90 ), SubResource( 91 ), SubResource( 92 ), SubResource( 93 ), SubResource( 94 ), SubResource( 95 ), SubResource( 96 ), SubResource( 97 ), SubResource( 98 ), SubResource( 99 ), SubResource( 100 ) ],
"loop": true,
"name": "land",
"speed": 5.0
}, {
"frames": [ SubResource( 147 ) ],
"loop": true,
"name": "water",
"speed": 5.0
} ]

[node name="Tile" type="AnimatedSprite"]
frames = SubResource( 5 )
animation = "deepwater"
script = ExtResource( 1 )
